<?xml version="1.0" encoding="utf-8"?>
<record xmlns="http://www.loc.gov/MARC21/slim" xmlns:xsi="http://www.w3.org/2001/XMLSchema-instance" xsi:schemaLocation="http://www.loc.gov/MARC21/slim http://www.loc.gov/standards/marcxml/schema/MARC21slim.xsd">
	<leader>     nam a22        4500</leader>
	<controlfield tag="001">569825</controlfield>
	<controlfield tag="003">NNC</controlfield>
	<controlfield tag="006">m        d        </controlfield>
	<controlfield tag="007">cr cn |||m|||a</controlfield>
	<controlfield tag="008">171205s1876    ua      o     000 0 ara d</controlfield>
	<datafield ind1=" " ind2=" " tag="040">
		<subfield code="a">NNU</subfield>
		<subfield code="b">eng</subfield>
		<subfield code="e">rda</subfield>
		<subfield code="c">NNU</subfield>
	</datafield>
	<datafield ind1="1" ind2="4" tag="050">
		<subfield code="a">PJ7765.L3</subfield>
		<subfield code="b">J37 1876</subfield>
	</datafield>
	<datafield ind1="1" ind2=" " tag="100">
		<subfield code="6">880-01</subfield>
		<subfield code="a">Bājūrī, Ibrāhīm ibn Muḥammad,</subfield>
		<subfield code="d">1783 or 1784-1860.</subfield>
	</datafield>
	<datafield ind1="1" ind2="0" tag="240">
		<subfield code="6">880-02</subfield>
		<subfield code="a">Tuḥfat al-murīd ʻalá Jawharat al-tawḥīd</subfield>
	</datafield>
	<datafield ind1="1" ind2="0" tag="245">
		<subfield code="6">880-03</subfield>
		<subfield code="a">Ḥāshiyat al-Imām al-ʻĀlim al-ʻAllāmah Shaykh al-Islām al-Shaykh Ibrāhīm al-Bayjūrī, al-musammāh bi-Tuḥfat al-murīd ʻalá Jawharat al-tawḥīd. Wa-bi-hāmishihā baʻḍ taqrīrāt /</subfield>
		<subfield code="c">lil-ʻAllāmah Aḥmad al-Ujhūrī.</subfield>
	</datafield>
	<datafield ind1="3" ind2=" " tag="246">
		<subfield code="6">880-04</subfield>
		<subfield code="a">Ḥāshiyat Ibrāhīm al-Bayjūrī</subfield>
	</datafield>
	<datafield ind1="3" ind2=" " tag="246">
		<subfield code="6">880-05</subfield>
		<subfield code="a">Tuḥfat al-murīd ʻalá Jawharat al-tawḥīd</subfield>
	</datafield>
	<datafield ind1=" " ind2=" " tag="260">
		<subfield code="6">880-06</subfield>
		<subfield code="a">[Cairo?] :</subfield>
		<subfield code="b">al-Maṭbaʻah al-ʻĀmirah,</subfield>
		<subfield code="c">1293 [1876]</subfield>
	</datafield>
	<datafield ind1=" " ind2=" " tag="300">
		<subfield code="a">online resource (154 pages)</subfield>
	</datafield>
	<datafield ind1=" " ind2=" " tag="336">
		<subfield code="a">text</subfield>
		<subfield code="2">rdacontent</subfield>
	</datafield>
	<datafield ind1=" " ind2=" " tag="337">
		<subfield code="a">computer</subfield>
		<subfield code="2">rdamedia</subfield>
	</datafield>
	<datafield ind1=" " ind2=" " tag="338">
		<subfield code="a">online resource</subfield>
		<subfield code="2">rdacarrier</subfield>
	</datafield>
	<datafield ind1=" " ind2=" " tag="500">
		<subfield code="a">Part of the Arabic Collections Online (ACO) project, contributed by Columbia University Libraries.</subfield>
	</datafield>
	<datafield ind1=" " ind2=" " tag="533">
		<subfield code="a">Electronic reproduction.</subfield>
		<subfield code="b">New York, N.Y. :</subfield>
		<subfield code="c">New York University,</subfield>
		<subfield code="d">2017.</subfield>
		<subfield code="5">NNU</subfield>
	</datafield>
	<datafield ind1="1" ind2="0" tag="600">
		<subfield code="6">880-07</subfield>
		<subfield code="a">Laqānī, Ibrāhīm ibn Ibrāhīm,</subfield>
		<subfield code="d">-1631 or 1632.</subfield>
		<subfield code="t">Jawharat al-tawḥīd.</subfield>
	</datafield>
	<datafield ind1="1" ind2=" " tag="700">
		<subfield code="6">880-08</subfield>
		<subfield code="a">Ujhūrī, Aḥmad ibn Aḥmad.</subfield>
	</datafield>
	<datafield ind1="2" ind2=" " tag="710">
		<subfield code="a">Columbia University.</subfield>
		<subfield code="b">Libraries.</subfield>
	</datafield>
	<datafield ind1="0" ind2=" " tag="730">
		<subfield code="a">Arabic Collections Online.</subfield>
	</datafield>
	<datafield ind1="0" ind2="8" tag="776">
		<subfield code="6">880-09</subfield>
		<subfield code="i">Online version:</subfield>
		<subfield code="a">Bājūrī, Ibrāhīm ibn Muḥammad, 1783 or 4-1860.</subfield>
		<subfield code="s">Tuḥfat al-murīd ʻalá Jawharat al-tawḥīd.</subfield>
		<subfield code="t">Ḥāshiyat al-Imām al-ʻĀlim al-ʻAllāmah Shaykh al-Islām al-Shaykh Ibrāhīm al-Bayjūrī, al-musammāh bi-Tuḥfat al-murīd ʻalá Jawharat al-tawḥīd. Wa-bi-hāmishihā baʻḍ taqrīrāt.</subfield>
		<subfield code="d">[Cairo?] : al-Maṭbaʻah al-ʻĀmirah, 1293 [1876]</subfield>
		<subfield code="w">(OCoLC)655447074</subfield>
	</datafield>
	<datafield ind1="0" ind2="8" tag="776">
		<subfield code="i">Print version:</subfield>
		<subfield code="a">Bājūrī, Ibrāhīm ibn Muḥammad, 1783 or 1784-1860.</subfield>
		<subfield code="t">Ḥāshiyat al-Imām al-ʻĀlim al-ʻAllāmah Shaykh al-Islām al-Shaykh Ibrāhīm al-Bayjūrī, al-musammāh bi-Tuḥfat al-murīd ʻalá Jawharat al-tawḥīd. Wa-bi-hāmishihā baʻḍ taqrīrāt</subfield>
		<subfield code="w">(NNC)569825</subfield>
		<subfield code="w">(OCoLC)78967369</subfield>
	</datafield>
	<datafield ind1="4" ind2="0" tag="856">
		<subfield code="u">http://hdl.handle.net/2333.1/4tmpg9ph</subfield>
	</datafield>
	<datafield ind1="1" ind2=" " tag="880">
		<subfield code="6">100-01/r</subfield>
		<subfield code="a">باجوري، ابراهيم بن محمد، </subfield>
		<subfield code="d">1783 or 1784-1860.</subfield>
	</datafield>
	<datafield ind1="1" ind2="0" tag="880">
		<subfield code="6">240-02/r</subfield>
		<subfield code="a">تحفة المريد على جوهرة التوحيد</subfield>
	</datafield>
	<datafield ind1="1" ind2="0" tag="880">
		<subfield code="6">245-03/r</subfield>
		<subfield code="a">حاشية الامام العالم العلامة شيخ الاسلام الشيخ ابراهيم البيجوري، المسماة بتحفة المريد على جوهرة التوحيد. وبهامشها بعض تقريرات /</subfield>
		<subfield code="c">للعلامة احمد الاجهوري.</subfield>
	</datafield>
	<datafield ind1="3" ind2=" " tag="880">
		<subfield code="6">246-04/r</subfield>
		<subfield code="a">حاشية ابراهيم البيجوري</subfield>
	</datafield>
	<datafield ind1="3" ind2=" " tag="880">
		<subfield code="6">246-05/r</subfield>
		<subfield code="a">تحفة المريد على جوهرة التوحيد</subfield>
	</datafield>
	<datafield ind1=" " ind2=" " tag="880">
		<subfield code="6">260-06/r</subfield>
		<subfield code="a">[القاهرة؟] :</subfield>
		<subfield code="b">المطبعة العامرة،</subfield>
		<subfield code="c">1293 [1876]</subfield>
	</datafield>
	<datafield ind1="1" ind2="4" tag="880">
		<subfield code="6">600-07/r</subfield>
		<subfield code="a">لقاني، ابراهيم بن ابراهيم،</subfield>
		<subfield code="d">-1631 or 1632.</subfield>
		<subfield code="t">جوهرة التوحيد.</subfield>
	</datafield>
	<datafield ind1="1" ind2=" " tag="880">
		<subfield code="6">700-08/r</subfield>
		<subfield code="a">اجهوري، احمد بن احمد.</subfield>
	</datafield>
	<datafield ind1="0" ind2="8" tag="880">
		<subfield code="6">776-09/r</subfield>
		<subfield code="i">Online version:</subfield>
		<subfield code="a">باجوري، ابراهيم بن محمد، 1783 or 4-1860.</subfield>
		<subfield code="s">تحفة المريد على جوهرة التوحيد.</subfield>
		<subfield code="t">حاشية الامام العال العلامة شيخ الاسلام الشيخ ابراهيم البيجوري، المسماه بتحفة المريد على جوهرة التوحيد. وبهامشها بعض تقريرات.</subfield>
		<subfield code="d">[ر؟] : المطبعة العامرة، 1293 [1876]</subfield>
		<subfield code="w">(ل)655447074</subfield>
	</datafield>
	<datafield ind1=" " ind2=" " tag="959">
		<subfield code="a">NNU</subfield>
		<subfield code="b">WEB</subfield>
		<subfield code="c">GENI</subfield>
		<subfield code="t">0</subfield>
		<subfield code="m">Electronic access</subfield>
		<subfield code="s">01</subfield>
	</datafield>
	<datafield ind1=" " ind2=" " tag="999">
		<subfield code="i">NNC_569825</subfield>
		<subfield code="o">(OCoLC)ocm78967369</subfield>
		<subfield code="s">columbia_aco002614</subfield>
		<subfield code="e">(ERROR-880)</subfield>
		<subfield code="s">columbia_aco002614</subfield>
	</datafield>
</record>
